@book{Adamy2016,
address = {Aachen},
author = {Adamy, J{\"{u}}rgen},
edition = {5},
publisher = {Shaker Verlag},
title = {{Systemdynamik und Regelungstechnik II}},
year = {2016}
}
@misc{Kuther2018,
author = {Kuther, Margit},
booktitle = {Vogel Communications Group GmbH},
title = {{Diese Roboter pr{\"{a}}gen unsere Zukunft}},
url = {https://www.elektrotechnik.vogel.de/diese-roboter-praegen-unsere-zukunft-a-733751/},
urldate = {2019-01-24},
year = {2018}
}
@misc{ROBOTIS,
abstract = {ROBOTIS XL-320 e-Manual},
author = {ROBOTIS},
booktitle = {ROBOTIS},
title = {{XL-320 e-Manual}},
url = {http://emanual.robotis.com/docs/en/dxl/x/xl320/},
urldate = {2018-01-23}
}
@misc{Burkert2017,
author = {Burkert, Andreas},
booktitle = {Springer Professional},
title = {{Roboter {\"{u}}bernehmen die Welt der Produktion}},
url = {https://www.springerprofessional.de/industrieroboter/industrie-4-0/roboter-uebernehmen-die-welt-der-produktion/15236792},
urldate = {2019-01-24},
year = {2017}
}
@article{NeumannMarcandPredkiThomasandHeckesLeifandLabenda2013,
author = {Neumann, Marc and Predki, Thomas and Heckes, Leif and Labenda, Patrick},
journal = {Industrial Robot: An International Journal},
title = {{Snake-like, tracked, mobile robot with active flippers for urban search-and-rescue tasks}},
volume = {40},
year = {2013}
}
@article{Gutbrod2005,
author = {Gutbrod, Hans H.},
journal = {Nuclear Physikcs A},
title = {{International Facility for Antiproton and Ion Research (FAIR) at GSI, Darmstadt}},
year = {2005}
}
@phdthesis{Park2004,
author = {Park, Sanghyuk},
school = {Massachusetts Institute of Technology},
title = {{Avionics and control system development for mid-air rendezvous of two unmanned aerial vehicles}},
year = {2004}
}
@article{Zhangjun2007,
author = {Zhangjun, Song and Ken, Chen},
file = {:home/jens/HESSENBOX-DA/PS{\_}WS1819 (Nicolai Schweizer)/literature/Kinematic{\_}properties{\_}of{\_}wheeled{\_}mobile{\_}robots{\_}in{\_}round{\_}ducts{\_}pipes.pdf:pdf},
keywords = {instantaneous screw,kinematic properties,pipes,round ducts,wheeled mobile robots},
title = {{ROBOTS IN ROUND DUCTS / PIPES}},
year = {2007}
}
@unpublished{Lenz2015,
address = {Darmstadt},
author = {Lenz, Eric},
title = {{Identifikation dynamischer Systeme : Skript - Wintersemester 2015/16}},
url = {https://hds.hebis.de/ulbda/Record/HEB366009699},
year = {2015}
}
@article{Pang2018,
abstract = {In der Literatur finden sich unterschied- liche Ans{\"{a}}tze zur Steuerung mehrgliedriger, schlangen{\"{a}}hnlicher Roboter mit angetriebenen R{\"{a}}dern, die sich in ihrer Komple- xit{\"{a}}t teils stark voneinander unterscheiden. In der vorliegenden Arbeit wird die Leistungsf{\"{a}}higkeit eines vergleichsweise einfa- chen, rein kinematischen n-Trailer Modells f{\"{u}}r die Steuerung eines solchen Roboters, der zuk{\"{u}}nftig zur Inspektion innerhalb eines Teilchenbeschleunigers eingesetzt werden soll, validiert. Bevor eine Herleitung des Modells erfolgt, wird zun{\"{a}}chst auf die technischen Besonderheiten und die Inbetriebnahme des verwendeten Roboters eingegangen. Anschlie{\ss}end werden die Ergebnisse aus Versuchsfahrten vorgestellt und die Leistungsf{\"{a}}- higkeit des Modells diskutiert. Es zeigt sich, dass sich f{\"{u}}r den hier vorliegenden Verwendungszweck bereits mit dem kinematischen n-Trailer Modell sehr gute Resultate erzielen lassen, weshalb auf eine komplexere Steuerung mit Ber{\"{u}}cksichtigung dynamischer Effekte unter Umst{\"{a}}nden verzichtet werden kann.},
author = {Pang, Zhichao and Raab, Sebastian and Tamm-morschel, Jonas},
file = {:home/jens/HESSENBOX-DA/PS{\_}WS1819 (Nicolai Schweizer)/literature/PS{\_}Robotik{\_}SS18.pdf:pdf},
title = {{Validierung eines kinematischen n -Trailer Modells f{\"{u}}r die Steuerung eines Schlangenroboters}},
year = {2018}
}
@misc{LSM6DS33,
abstract = {Datasheet},
author = {Life.augmented},
file = {:home/jens/HESSENBOX-DA/PS{\_}WS1819 (Nicolai Schweizer)/literature/IMU{\_}LSM6DS33.pdf:pdf},
pages = {1--77},
publisher = {life.augmented},
title = {{iNEMO LSM6DS33 Datasheet}},
url = {https://www.st.com/resource/en/datasheet/lsm6ds33.pdf}
}
@article{Imer2016,
abstract = {Diese Arbeit setzt sich mit der voll- automatisierten Kalibrierung einer inertialen Messeinheit (IMU1) f{\"{u}}r ein UAV2 auseinander. Intertiale Messeinheiten werden in gro{\ss}em Umfang in der Robotik eingesetzt. Jedoch sind unkali- brierte IMU's hier im Allgemeinen nicht zuverl{\"{a}}ssig anwendbar. Zun{\"{a}}chst werden die grundlegenden technischen Aspekte, wie die Funktionsweise einer IMU und die Fehlermodelle vorgestellt. Das Fehlermodell des Beschleunigungssensors ber{\"{u}}cksichtigt Skalie- rungsfehler und einen festen Bias, sowie Orthogonalit{\"{a}}tsfehler. Das Modell des Drehratengebers beschr{\"{a}}nkt sich auf einen temperaturabh{\"{a}}ngigen Bias. Durch die Methode der kleinsten Quadrate werden die Parameter der vorgestellten Fehlermodelle ermittelt. Ein einfacher Aufbau, mit dem die Messung durchgef{\"{u}}hrt wird, ist ebenfalls Bestandteil dieser Arbeit. Die Verbesserungen wer- den anhand von Messdaten quantitativ verglichen. Die Ergebnisse werden kritisch hinterfragt. Abschlie{\ss}end wird ein Ausblick auf Erweiterungen dieser Arbeit gegeben.},
author = {Imer, Selim and Kempkes, Moritz and Klein, Sebastian Rudolf and Schr{\"{o}}der, Maike},
file = {:home/jens/HESSENBOX-DA/PS{\_}WS1819 (Nicolai Schweizer)/literature/IMU{\_}Kalibrierung.pdf:pdf},
title = {{Kalibrierung einer Inertial Measurement Unit ( IMU ) f{\"{u}}r ein UAV}},
year = {2016}
}
