
@book{Kopka.1999,
	author = {Kopka, Helmut and Daly, Patrick W.},
	year = {1999},
	title = {{A Guide to LaTeX}},
	address = {Harlow, England},
	edition = {3. ed.},
	publisher = {Addison-Wesley},
}


@book{DFG.1998,
	author = {{Deutsche Forschungsgemeinschaft}},
	year = {1998},
	title = {{Vorschläge zur Sicherung guter wissenschaftlicher Praxis: Denkschrift}},
	address = {Weinheim},
	publisher = {Wiley-VCH},
}
